<?xml version="1.0" encoding="UTF-8"?><collection xmlns="http://www.loc.gov/MARC21/slim"><record><leader>00573nam--2200193-i-4500</leader><controlfield tag="001">000024408</controlfield><controlfield tag="002">20161230</controlfield><controlfield tag="005">20161230201035</controlfield><controlfield tag="008">060222s1000------------r-----000-0-ger-d</controlfield><datafield ind1=" " ind2=" " tag="040"><subfield code="a">IFIN-HH</subfield></datafield><datafield ind1=" " ind2=" " tag="041"><subfield code="a">ger</subfield></datafield><datafield ind1=" " ind2=" " tag="080"><subfield code="a">518</subfield></datafield><datafield ind1="1" ind2=" " tag="100"><subfield code="a">Hultzsch, Erasmus</subfield></datafield><datafield ind1="1" ind2="0" tag="245"><subfield code="a">Ausgleischsrechnung mit anwendungen in der physik unter besonderer berucksichtigung der messtechnik</subfield><subfield code="c">Erasmus hultzsch</subfield></datafield><datafield ind1=" " ind2=" " tag="260"><subfield code="a">Leipzig</subfield><subfield code="b">Geest &amp; Portig K.G</subfield><subfield code="c">1966</subfield></datafield><datafield ind1=" " ind2=" " tag="300"><subfield code="a">136 P</subfield></datafield><datafield ind1=" " ind2=" " tag="490"><subfield code="a">Technisch-physikalische Monographien</subfield></datafield><datafield ind1=" " ind2=" " tag="852"><subfield code="a">27229</subfield><subfield code="c">53.08</subfield></datafield><datafield ind1=" " ind2=" " tag="CAT"><subfield code="a">Sys</subfield><subfield code="c">20151028</subfield><subfield code="h">123044</subfield></datafield></record></collection>